@article{RN125,
   author = {Berk, R},
   title = {An introduction to ensemble methods for data analysis},
   journal = {Sociological Methods and Research},
   volume = {34},
   number = {3},
   pages = {263-295},
   year = {2006},
   type = {Journal Article}
}

@article{RN266,
   author = {Breiman, L},
   title = {Random forests},
   journal = {Machine Learning},
   volume = {45},
   number = {1},
   pages = {5-32},
   year = {2001},
   type = {Journal Article}
}

@article{RN403,
   author = {Breiman, L},
   title = {Manual on setting up, using, and understanding random forests v3.1},
   url = {http://oz.berkeley.edu/users/breiman/Using_random_forests_V3.1.pdf},
   year = {2002},
   type = {Journal Article}
}

@article{RN126,
   author = {Cutler, D. R. and Edwards, T.C. Jr. and Beard, K. H. and Cutler, A and Hess, K.T. and Gibson, J. and Lawler, J.J.},
   title = {Random forests for classification in ecology},
   journal = {Ecology},
   volume = {88},
   number = {11},
   pages = {2783-2792},
   year = {2007},
   type = {Journal Article}
}

@article{RN404,
   author = {Klueter, A and Crandall, J.B. and Archer, F. I. and Teece, M.A. and Coffroth, M.A.},
   title = {Taxonomic and environmental variation of metabolite profiles in marine dinoflagellates of the genus Symbiodinium},
   journal = {Metabolites},
   volume = {5},
   pages = {74-99},
   year = {2015},
   type = {Journal Article}
}

@article{RN127,
   author = {Liaw, A. and Wiener, M.},
   title = {Classification and regression by randomForest},
   journal = {R News},
   volume = {2/3},
   pages = {18-22},
   year = {2002},
   type = {Journal Article}
}

@article{RN128,
   author = {Touw, W.G. and Bayjanov, J.R. and Overmars, L and Backus, L and Boekhorst, J and Wels, M and van Hijum, S. A. F.  T.},
   title = {Data mining in the life sciences with random forest: a walk in the park or lost in the jungle?},
   journal = {Briefings in Bioinformatics},
   volume = {14},
   number = {3},
   pages = {316-326},
   DOI = {10.1093/bib/bbs034},
   year = {2012},
   type = {Journal Article}
}

@Book{Wickham2009,
  author = {Hadley Wickham},
  title = {ggplot2: Elegant Graphics for Data Analysis},
  publisher = {Springer-Verlag New York},
  year = {2009},
  isbn = {978-0-387-98140-6},
  url = {http://ggplot2.org},
}

@article{RN268,
   author = {Winham, S.J. and Colby, C.L. and Freimuth, R.R. and Wang, X. and de Andrade, M. and Huebner, M. and Biernacka, J.M.},
   title = {SNP interaction detection with Random Forests in high-dimensional genetic data},
   journal = {BMC Bioinformatics},
   volume = {13},
   pages = {164},
   year = {2012},
   type = {Journal Article}
}